2498 4950
487 629 755 713 V=E1RM1E8

88 794 93 809 ’
142 796 352 892 polydaedalas
367 798 603 946 Cmclrpliorum
618 804 734 887 parium
748 800 846 885 seqre
854 810 965 869 attente
978 805 1051 890 legit
1063 801 1176 870 summa
1186 801 1231 871 la·

143 892 274 975 pientia,
292 909 325 948 ac
339 907 404 949 care
418 896 465 948 'em
478 902 491 948 t
504 888 619 950 erudita
634 884 769 963 luxuria',
786 894 807 949 'a
822 892 989 969 quisquiliis
1009 894 1040 969 e)
1061 893 1098 953 ad
1113 895 1232 954 Ammi-

142 975 217 1037 rales
232 974 410 1047 securene,
428 974 602 1051 margaritis
614 968 652 1047 d)
680 968 739 1032 litis
757 969 961 1051 pretiosiores,
986 988 1061 1055 quas
1082 972 1231 1038 artificum

140 1056 273 1140 politura
286 1054 423 1117 iterando
444 1048 608 1129 nobilitat,
631 1066 666 1115 ut
685 1054 836 1135 pulchrius
851 1071 954 1137 pateat
975 1060 1008 1119 in
1029 1062 1148 1119 tritonis
1168 1060 1233 1121 Co-

140 1158 255 1201 cuurrs
269 1139 371 1199 viridis
385 1139 421 1197 ad
438 1134 618 1197 'Urnbiiieunr
632 1148 684 1198 aut
699 1136 856 1199 Cardinern
868 1141 1058 1219 posteriorem
1074 1146 1232 1220 Apertum

37 1256 41 1265 ·
136 1229 237 1286 {arim
253 1222 395 1301 Ope-renio
412 1216 554 1293 clausulis,
575 1239 646 1281 cum
662 1218 760 1281 tabeo
775 1225 920 1282 exteriore
928 1227 1122 1297 interierere,
1145 1232 1231 1301 laepo

135 1307 259 1367 dentato
274 1306 308 1363 ad
324 1303 525 1373 Columeiorn,
547 1305 625 1365 circa
639 1324 727 1383 quam
741 1304 845 1386 Spirae
857 1304 1020 1381 Anfrailur
1034 1302 1157 1379 finillri,
1184 1328 1231 1369 ra·

140 1394 205 1452 rius
219 1389 357 1447 contrarii
373 1385 466 1447 dextri
474 1429 485 1461 ,
493 1384 606 1461 frema
621 1391 766 1461 connexi,
784 1390 878 1449 rarius
889 1392 1104 1463 uaricecint‘ri3
1122 1392 1231 1469 laeves,

140 1469 260 1543 sulcati,
281 1466 388 1543 liliati,
409 1469 557 1551 angulati,
578 1469 700 1543 nodofi,
720 1472 861 1545 aculeati,
882 1470 1008 1552 lpinofi‚
1031 1472 1159 1534 frondnli
1181 1494 1232 1537 ut-

139 1574 201 1636 que
217 1560 251 1611 in
264 1550 440 1613 Macronem
454 1554 545 1631 apicis
559 1556 651 1614 rarius
663 1554 861 1631 decollatum,
884 1570 914 1617 et
926 1572 961 1617 ut
973 1560 1124 1618 intueatur
1132 1562 1162 1618 in
1170 1562 1232 1619 Ve-

138 1640 220 1701 neris
235 1642 373 1695 Connus
389 1634 491 1695 vividis
507 1634 588 1695 letlis
602 1635 740 1699 testarum
758 1640 854 1699 natira
875 1642 973 1719 paria,
1001 1642 1230 1705 determinatam

26 1780 30 1787 ,
137 1719 264 1801 figrrram
280 1760 289 1789 ,
307 1718 443 1779 'valmlas
463 1713 586 1779 finium
609 1731 640 1780 et
660 1720 800 1795 demas,
824 1722 957 1801 aequales
980 1724 1025 1783 rel
1048 1724 1230 1804 inaequales,

136 1801 338 1880 aequilateres·
348 1802 393 1863 vel
415 1802 654 1881 inaequilateres3
684 1805 807 1865 interlui
827 1804 962 1867 dentatos
984 1803 1125 1867 cardines
1146 1810 1248 1871 inter

138 1884 235 1949 Nares
249 1882 363 1945 infimas
382 1881 545 1961 linianum,
558 1887 758 1961 tumentium3
786 1884 907 1948 inferius
927 1890 991 1949 Ani
1010 1886 1228 1969 impreffuram,

135 1974 268 2033 anterius
284 1967 398 2029 anaae
411 1970 537 2043 rimam,
556 1966 658 2031 Labiir
669 1968 857 2051 nymphisque
873 1977 1096 2049 conniventem,
1118 1974 1227 2053 Hyrne-

134 2074 175 2116 ne
194 2051 357 2121 obtetlam,
384 2046 466 2111 Pube
487 2052 637 2115 interdum
654 2052 780 2113 ciuilem
787 2076 797 2127 3
826 2052 930 2116 harum
951 2048 1073 2117 linibus
1092 2070 1225 2121 exterret

135 2131 386 2207 circumscribitur
398 2130 543 2220 Margine
555 2136 766 2218 integerrimo,
786 2138 937 2199 crenulato
951 2134 972 2199 s.
985 2138 1124 2199 dentato:
1136 2137 1225 2219 stepe-

134 2222 219 2281 riore
236 2232 307 2279 ante
328 2218 462 2289 vulvatn3
487 2216 645 2299 posteriore
657 2239 737 2300 pone
750 2240 859 2293 anrrm3
881 2225 1025 2280 exteriore
1039 2218 1155 2281 natibus
1169 2242 1224 2304 op-

135 2298 241 2384 pnfito.
283 2294 376 2362 Decet
389 2302 525 2381 inprimis
540 2304 688 2379 inquirere
703 2306 732 2359 in
748 2294 884 2360 foffilium
908 2304 1059 2383 incognita
1080 2321 1223 2386 prorypa,

136 2387 272 2467 inprimis
286 2386 487 2457 stramineum,
504 2382 595 2457 abysfi
610 2382 741 2456 cimelia,
763 2402 831 2441 cum
847 2382 902 2442 alia
916 2380 971 2444 lint
984 2384 1150 2472 terrestria,
1157 2390 1224 2471 flu·¹

135 2468 276 2547 oiotiliu,
293 2466 450 2553 loerfiria,
466 2465 588 2529 le'rrorea
595 2507 605 2543 ,
626 2466 796 2543 ruaritirna,
810 2466 946 2553 pelagiae
962 2470 1027 2533 alia.

7 2630 226 2699 zoarum
245 2618 404 2705 composita
419 2622 598 2697 animantia,
625 2623 656 2683 in
669 2619 752 2683 bivio
764 2622 936 2685 animalium
951 2624 1222 2709 vegetabiliumque

134 2711 306 2783 conllituta,
325 2706 461 2775 radicato
474 2707 632 2785 (plurima)
645 2706 814 2781 rutilescunt
835 2708 1028 2788 multiplicata
1042 2713 1102 2773 rita
1114 2718 1222 2790 romu,

131 2795 254 2883 gemmis
267 2790 393 2863 caeduis,
415 2786 701 2869 metamorplsofique
707 2792 821 2870 plorum
834 2792 1029 2852 animantium
1045 2790 1147 2873 {ponte
1159 2794 1220 2860 sese

132 2877 336 2945 moventium,
359 2895 393 2934 eo
409 2870 429 2932 si
444 2874 558 2953 plantae
572 2868 664 2955 client
677 2873 851 2953 Zoophyta,
879 2874 962 2935 lenl'u
976 2892 1120 2955 tractuque
1134 2878 1221 2943 desti·

133 2977 216 3027 tuta,
239 2975 267 3018 et
280 2962 436 3037 Zoopl.yta
451 2976 532 3016 serae
548 2957 678 3035 plantae,
700 2953 749 3017 leel
764 2954 860 3017 l'cnl'us
874 2972 1030 3036 motusque
1045 2980 1158 3043 organo
1170 2966 1220 3027 in.

131 3044 253 3108 llrue'lae
268 3040 413 3123 (equidem
426 3038 471 3101 uis
484 3035 706 3121 inoffensum,
724 3062 799 3125 quae
812 3062 863 3101 nee
875 3042 1067 3115 oniuraiirnn,
1086 3064 1139 3103 uer
1147 3038 1218 3123 free·
1239 3088 1242 3093 ,

131 3132 241 3199 tirum,
256 3118 315 3202 fiel
327 3126 448 3183 tertioue
460 3142 498 3184 ex
511 3139 636 3207 retroque
649 3140 791 3183 notrorum
807 3120 914 3183 habeut
932 3126 1008 3187 l'lin.
1030 3127 1061 3201 e)
1079 3126 1217 3207 adeoque

131 3210 306 3289 vegetabilis
321 3208 444 3268 naturali
461 3204 689 3285 metamorpholr
704 3206 844 3267 mutanda
862 3210 893 3265 in
908 3208 1054 3269 anirnalia.
1095 3216 1216 3275 llorutn

129 3278 187 3359 alia
201 3293 319 3365 mollia,
336 3291 423 3365 nuda,
439 3292 596 3371 Zoophyta
609 3289 704 3353 {trino
719 3288 801 3350 l‘enl'u
818 3290 958 3361 audiunt,
980 3291 1036 3351 alia
1051 3290 1122 3353 tella
1136 3293 1218 3374 quali

131 3380 204 3440 dura
222 3375 337 3437 obteila
353 3372 536 3455 tirhoplyeo.
578 3378 659 3435 Hace
674 3372 759 3454 prisci
774 3373 886 3455 plantas
901 3374 976 3432 a'e'ris
991 3378 1126 3438 cuntailu
1142 3381 1215 3459 lapi·

130 3460 278 3524 delcentes
295 3448 453 3537 putabant,
475 3452 523 3517 l'ed
538 3454 751 3518 recintioribus
768 3458 858 3515 etiarn
880 3476 918 3515 ex
937 3452 990 3516 suo
1012 3454 1217 3544 l'emineslapi·

129 3546 180 3608 des
194 3545 376 3627 germinare,
395 3542 531 3621 inprimis
546 3538 585 3601 ob
599 3542 757 3601 calcaream
772 3538 879 3600 horum
894 3538 1024 3600 indolem
1034 3540 1100 3613 effi,
1120 3564 1217 3625 usque

128 3630 200 3690 dum
216 3624 370 3711 Mssistlilll'
384 3626 536 3706 diligentia
551 3639 714 3685 extraxerat
728 3644 744 3682 e
759 3626 831 3683 mari
847 3625 967 3682 corallia
982 3636 1145 3705 vegetantia
1159 3634 1212 3689 llo·

128 3712 211 3774 ribus
226 3710 371 3769 oilamlris
386 3708 575 3787 oilopetalis,
597 3728 613 3767 a
629 3706 763 3766 eontai'lu
779 3709 851 3765 airis
859 3704 886 3765 l'e
895 3708 1148 3781 contrahentibus,
1168 3716 1216 3774 in·

129 3814 188 3875 que
202 3813 277 3871 aqua
291 3792 388 3853 denuo
404 3792 618 3867 expandemlis3
642 3804 671 3850 at
684 3790 788 3848 codem
802 3804 936 3867 tempore
949 3791 1062 3871 (1727)
1084 3790 1216 3875 Peyffin.

20 3876 25 3883 '
126 3880 216 3940 nediu
231 3878 348 3938 corallia
362 3876 398 3936 alr
413 3872 594 3935 animalculis
610 3869 753 3945 fabricari,
773 3872 850 3932 ultra
863 3874 991 3932 leeulum
1007 3876 1071 3955 poll
1086 3881 1213 3943 eandem

125 3964 204 4045 'apud
217 3957 405 4042 sapientiores
421 3959 506 4019 indos
519 3970 613 4019 ratam
627 3954 799 4021 sententiam
811 3952 850 4032 t)
872 3960 1003 4040 primum
1019 3960 1091 4020 vidit
1105 3964 1215 4025 vinau-

155 4074 158 4079 ·
1118 4044 1214 4123 ditus,

256 4170 1213 4197 &wan—...-

29 4248 57 4310 r)
75 4242 223 4309 Speculotie·
231 4240 290 4306 gods
304 4239 396 4307 vulgo.

30 4317 59 4383 d)
78 4310 325 4379 Margaritamudns
340 4310 367 4358 in
383 4304 513 4369 arridere,
532 4303 731 4373 magnitudine,
751 4302 830 4367 orbe,
849 4302 971 4367 laevore,
991 4301 1118 4374 pondere,
1138 4304 1213 4383 Plirg

94 4384 141 4436 lx.
160 4393 201 4445 35.
221 4376 398 4431 lueriouffiuu
413 4378 568 4445 cleopatrae
580 4373 703 4431 Antonio
723 4374 847 4444 expolio.
882 4373 945 4426 llio.

28 4449 54 4520 e)
71 4452 173 4503 Ansere.
187 4449 256 4503 aeni.
274 4462 298 4511 5.
310 4462 338 4513 p.
357 4460 418 4513 350.

23 4526 56 4590 f)
74 4519 170 4587 Rumpf
181 4520 241 4585 mel:
259 4529 320 4580 152,
341 4516 373 4566 oi
386 4516 438 4574 tol.
456 4519 497 4573 16.
511 4517 545 4575 Ρ,
